<record><leader>00000cas a22000007a 4500</leader><controlfield tag="001">14073435</controlfield><controlfield tag="008">860811d18911910txuwr ne      0    0eng d</controlfield><datafield ind1=" " ind2=" " tag="010"><subfield code="a">sn 86088204 </subfield></datafield><datafield ind1=" " ind2=" " tag="040"><subfield code="a">PPM</subfield><subfield code="b">eng</subfield><subfield code="c">PPM</subfield><subfield code="d">OCL</subfield><subfield code="d">OCLCQ</subfield></datafield><datafield ind1=" " ind2=" " tag="042"><subfield code="a">msc</subfield></datafield><datafield ind1="0" ind2="0" tag="245"><subfield code="a">Foard County news.</subfield></datafield><datafield ind1=" " ind2=" " tag="260"><subfield code="a">Crowell, Tex. :</subfield><subfield code="b">News Pub. Co.</subfield></datafield><datafield ind1=" " ind2=" " tag="300"><subfield code="a">v. :</subfield><subfield code="b">ill. ;</subfield><subfield code="c">56 cm.</subfield></datafield><datafield ind1="1" ind2=" " tag="362"><subfield code="a">Began in 1891.</subfield><subfield code="z">Cf. Ayer, 1985.</subfield></datafield><datafield ind1="1" ind2=" " tag="362"><subfield code="a">Ceased in 1910.</subfield></datafield><datafield ind1=" " ind2=" " tag="580"><subfield code="a">Merged with: Crowell index, to form: Foard County news and Crowell index.</subfield></datafield><datafield ind1=" " ind2=" " tag="588"><subfield code="a">Description based on: Vol. 2, no. 51 (Apr. 14, 1893).</subfield></datafield><datafield ind1=" " ind2=" " tag="752"><subfield code="a">United States</subfield><subfield code="b">Texas</subfield><subfield code="c">Foard</subfield><subfield code="d">Crowell.</subfield></datafield><datafield ind1="1" ind2="7" tag="785"><subfield code="t">Crowell index</subfield></datafield><datafield ind1="1" ind2="7" tag="785"><subfield code="t">Foard County news and Crowell index</subfield></datafield></record>